<collection xmlns="http://www.loc.gov/MARC21/slim"><record><leader>00677nam  2200205   450</leader><controlfield tag="001">86</controlfield><controlfield tag="003">http://montalegre.opacnet.com/OPAC/default.aspx?ContentAreaControl=ShowRegHoldings.ascx&amp;RegNo=16662</controlfield><datafield tag="095" ind1=" " ind2=" "><subfield code="a">PTBN00161992</subfield></datafield><datafield tag="100" ind1=" " ind2=" "><subfield code="a">20061013d1984    k  y0pora010305  ba</subfield></datafield><datafield tag="101" ind1="1" ind2=" "><subfield code="a">por</subfield></datafield><datafield tag="102" ind1=" " ind2=" "><subfield code="a">PT</subfield></datafield><datafield tag="200" ind1="1" ind2=" "><subfield code="a">&lt;O &gt;livro por vir</subfield><subfield code="f">Maurice Blanchot</subfield><subfield code="g">trad. Maria Regina Louro</subfield></datafield><datafield tag="210" ind1=" " ind2=" "><subfield code="a">Lisboa</subfield><subfield code="c">Relógio d'Água</subfield><subfield code="d">1984</subfield></datafield><datafield tag="215" ind1=" " ind2=" "><subfield code="a">263 p.</subfield><subfield code="d">21 cm</subfield></datafield><datafield tag="225" ind1="2" ind2=" "><subfield code="a">&lt;A &gt;volta da literatura</subfield></datafield><datafield tag="675" ind1=" " ind2=" "><subfield code="a">821</subfield><subfield code="v">BN</subfield><subfield code="z">fre</subfield></datafield><datafield tag="700" ind1=" " ind2="1"><subfield code="a">Blanchot</subfield><subfield code="b">Maurice</subfield><subfield code="f">1907-2003</subfield></datafield><datafield tag="702" ind1=" " ind2="1"><subfield code="a">Louro</subfield><subfield code="b">Maria Regina</subfield><subfield code="f">1948</subfield><subfield code="4">730</subfield></datafield><datafield tag="801" ind1=" " ind2="0"><subfield code="a">PT</subfield><subfield code="b">Biblioteca Municipal de Montalegre</subfield><subfield code="g">RPC</subfield></datafield><datafield tag="856" ind1=" " ind2=" "><subfield code="u">locateMedia.asp?cod=20060508152142&amp;ext=jpg</subfield><subfield code="z">CAPA</subfield></datafield><datafield tag="909" ind1="&#9;" ind2=" "><subfield code="a">1</subfield></datafield><datafield tag="966" ind1=" " ind2=" "><subfield code="a">0008417</subfield><subfield code="l">BMM</subfield><subfield code="s">SCG 821 BLA liv</subfield></datafield></record></collection>